%% This BibTeX bibliography file was created using BibDesk.
%% http://bibdesk.sourceforge.net/

%% Created for Giovanni  Tenderini at 2017-12-08 18:21:52 +0000


%% Saved with string encoding Unicode (UTF-8)



@article{blanchard2003macroeconomic,
	Author = {Blanchard, Olivier and Giavazzi, Francesco},
	Date-Added = {2017-12-08 18:20:41 +0000},
	Date-Modified = {2017-12-08 18:20:41 +0000},
	Journal = {The Quarterly Journal of Economics},
	Number = {3},
	Pages = {879--907},
	Publisher = {MIT Press},
	Title = {Macroeconomic effects of regulation and deregulation in goods and labor markets},
	Volume = {118},
	Year = {2003}}

@webpage{testingsite,
	Date-Added = {2017-12-08 18:17:04 +0000},
	Date-Modified = {2017-12-08 18:18:46 +0000}}

@article{rumelt2012good,
	Author = {Rumelt, Richard P},
	Date-Added = {2017-12-08 18:15:06 +0000},
	Date-Modified = {2017-12-08 18:15:06 +0000},
	Journal = {Strategic Direction},
	Number = {8},
	Publisher = {Emerald Group Publishing Limited},
	Title = {Good strategy/bad strategy: The difference and why it matters},
	Volume = {28},
	Year = {2012}}

@techreport{powercalc,
	Author = {Richard B. Hathaway},
	Date-Added = {2015-03-25 10:09:58 +0000},
	Date-Modified = {2015-03-25 10:33:12 +0000},
	Institution = {Bristol Univeristy},
	Title = {Vehicle Design},
	Year = {2000}}
